<record xmlns='http://www.loc.gov/MARC21/slim'><leader>01229ntm a2200277Ii 4500</leader><controlfield tag='001'>991058301964406011</controlfield><controlfield tag='005'>20220506124451.0</controlfield><controlfield tag='008'>220506s1653    enk           000 0 eng d</controlfield><datafield ind1=' ' ind2=' ' tag='035'><subfield code='a'>(OCoLC)1314385873h</subfield></datafield><datafield ind1=' ' ind2=' ' tag='035'><subfield code='a'>(OCoLC)on1314385873h</subfield></datafield><datafield ind1=' ' ind2=' ' tag='040'><subfield code='a'>HRH</subfield><subfield code='b'>eng</subfield><subfield code='e'>dcrmmss</subfield><subfield code='c'>HRH</subfield></datafield><datafield ind1=' ' ind2=' ' tag='041'><subfield code='a'>eng</subfield></datafield><datafield ind1=' ' ind2=' ' tag='049'><subfield code='a'>HRHH</subfield></datafield><datafield ind1=' ' ind2='9' tag='099'><subfield code='a'>MS 3327, Container 71</subfield></datafield><datafield ind1='0' ind2='0' tag='245'><subfield code='a'>Treatise on the Roman court :</subfield><subfield code='k'>manuscript.</subfield></datafield><datafield ind1='1' ind2=' ' tag='246'><subfield code='i'>Caption title:</subfield><subfield code='a'>The question. What force, validity, or obligation have the Decrees of the Roman Court, Independent of ye Ratification or Promulgation of the Respective Princes to whom they are directed</subfield></datafield><datafield ind1=' ' ind2='0' tag='264'><subfield code='a'>England ;</subfield><subfield code='c'>after 1653</subfield></datafield><datafield ind1=' ' ind2=' ' tag='300'><subfield code='a'>20 leaves :</subfield><subfield code='b'>paper,</subfield><subfield code='c'>20 x 15 cm</subfield></datafield><datafield ind1=' ' ind2=' ' tag='500'><subfield code='a'>Date conjectured from last date on the material.</subfield></datafield><datafield ind1=' ' ind2=' ' tag='506'><subfield code='a'>Unrestricted in reading room; available for classroom use in exhibit case only.</subfield></datafield><datafield ind1=' ' ind2=' ' tag='590'><subfield code='a'>MS 3327, Container 71: Recusant Collection. DIDB record: B1047. Stitched binding (England 17th c): without cover (stabbed, four holes, replacement thread).</subfield></datafield><datafield ind1=' ' ind2='0' tag='650'><subfield code='a'>Church history.</subfield></datafield><datafield ind1='1' ind2=' ' tag='790'><subfield code='a'>Recusant Collection.</subfield></datafield><datafield ind1='2' ind2=' ' tag='791'><subfield code='a'>Medieval and Early Modern Manuscripts Collection.</subfield></datafield><datafield ind1=' ' ind2=' ' tag='752'><subfield code='a'>England,</subfield><subfield code='e'>producation place.</subfield></datafield><datafield ind1=' ' ind2=' ' tag='994'><subfield code='a'>C0</subfield><subfield code='b'>HRH</subfield></datafield></record>
